# sample entry
@inproceedings{tagfssemantic,
  author =	 {{Simon Schenk and Olaf Gorlitz and Steffen Staab}},
  title =    {{TagFS: Bringing Semantic Metadata to the Filesystem}},
  booktitle = {Institute for Computer Science University of Koblenz},
  year =         {2006},
  pages = {1--2},
}
@inproceedings{tagfs,
  author =	{{Stephan Bloehdorn and Olaf Gorlitz and Simon Schenk and Max  Volkel}},
  title =        {{TagFS — Tag Semantics for Hierarchical File Systems}},
  booktitle = {Proceedings of I-KNOW ’06 Graz, Austria},
  year =         {September 2006},
  pages = {304--312}
}
@book{rlove,
  author =	{{Robert Love}},
  title =        "Linux Kernel Development Second Edition-Chapter 12 The Virtual Filesystem",
  year =         {January 2005},
  publisher = {Sams Publishing}
}

# URL
@misc{calibre,
	howpublished = {{http://calibre-ebook.com/}},
	title = {{Calibre ebook management}},
    note = "(Online; accessed 20-Dec-2010)"
}

@misc{nepomuk,
    howpublished = {{http://nepomuk.kde.org/}},
    title = {{Nepomuk the social semantic desktop}},
    note = "(Online accessed 24-Nov-2010)"
}
@misc{taggedfrog,
    howpublished = {{http://lunarfrog.com/}},
    title = {{LunarFrog software}},
    note = "(Online; accessed 03-Jan-2011)"
}
@misc{pytagfs,
    howpublished = {{http://www.pytagsfs.org/}},
    title = {{py.TAGSfs}},
    note = "(Online; accessed 03-Jan-2010)"
}
@misc{extattr,
    howpublished = {{http://www.linuxjournal.com/node/7426/print}},
    title = {{Filesystem Labeling in SELinux}},
    note = "(Online; accessed Dec-2010)"
}
